@misc{weisstein,
    author       = {\relax{Wolfram|Alpha}},
    title        = {Tsiolkovsky rocket equation},
    howpublished = {\url{http://www.wolframalpha.com/input/?i=Tsiolkovsky+rocket+equation}},
    note         = {Last visited on May 15, 2017},
}

@inproceedings{schmidt2000nuclear,
  title={Nuclear pulse propulsion-Orion and beyond},
  author={Schmidt, G and Bonometti, J and Morton, P},
  booktitle={36th AIAA/ASME/SAE/ASEE Joint Propulsion Conference and Exhibit},
  pages={3856},
  year={2000}
}

@book{Dyson:2002,
  Author = {George Dyson},
  Title = {Project Orion: The True Story of the Atomic Spaceship},
  Publisher = {Henry Holt and Co.},
  Year = {2002},
  ISBN = {0805059857},
}
